@article{Idehara_2016,
	doi = {10.1007/s10762-016-0314-5},
	url = {https://doi.org/10.1007%2Fs10762-016-0314-5},
	year = 2016,
	month = {oct},
	publisher = {Springer Science and Business Media {LLC}
},
	volume = {38},
	number = {1},
	pages = {62--86},
	author = {Toshitaka Idehara and Svilen Petrov Sabchevski},
	title = {Gyrotrons for High-Power Terahertz Science and Technology at {FIR} {UF}},
	journal = {Journal of Infrared, Millimeter, and Terahertz Waves}
}

@article{Pagonakis,
author = {Pagonakis,Ioannis Gr.  and Piosczyk,Bernhard  and Zhang,Jianhua  and Illy,Stefan  and Rzesnicki,Tomasz  and Hogge,Jean-Philippe  and Avramidis,Konstantinos  and Gantenbein,Gerd  and Thumm,Manfred  and Jelonnek,John },
title = {Electron trapping mechanisms in magnetron injection guns},
journal = {Physics of Plasmas},
volume = {23},
number = {2},
pages = {023105},
year = {2016},
doi = {10.1063/1.4941705},

URL = { 
        https://doi.org/10.1063/1.4941705
    
},
eprint = { 
        https://doi.org/10.1063/1.4941705
        }
}

@article{Genoudthesis,
      title = {Advanced linear models for gyro-backward wave  instabilities in gyrotrons},
      author = {Genoud, Jérémy},
      publisher = {EPFL},
      address = {Lausanne},
      pages = {4},
      year = {2019}
      }

@article{Albertithesis,
      title = {Etude expérimentale de l'interaction faisceau d'électrons relativistes - onde électromagnétique dans un gyrotron quasi-optique},
      author = {Alberti, Stefano},
      publisher = {EPFL},
      address = {Lausanne},
      pages = {2-5},
      year = {1991}
      }


@misc{fennecs,
	title={Models, manual and validations for FENNECS code},
	author={Le Bars, Guillaume},
	pages={62},
	year={2022}
}

@article{lebars_et_al,
author = {Le Bars,G.  and Hogge,J.-Ph.  and Loizu,J.  and Alberti,S.  and Romano,F.  and Cerfon,A. },
title = {Self-consistent formation and steady-state characterization of trapped high-energy electron clouds in the presence of a neutral gas background},
journal = {Physics of Plasmas},
volume = {29},
number = {8},
pages = {082105},
year = {2022},
doi = {10.1063/5.0098567},

URL = { 
        https://doi.org/10.1063/5.0098567
},
eprint = { 
        https://doi.org/10.1063/5.0098567 
}
}

@unpublished{TREX,
	author = {Romano,F and Alberti,S and Hogge,J.P and Genoud,J and Le Bars,G and Loiozu,J},
	title= {The TRapped Electrons eXperiment (T-REX)},
	booktitle   = {13th International Workshop on Non-neutral Plasmas - NNP XIII},
	year= {2022},
	pages     = {1}
}

@book{HasselII,
	editor={Dietmar Hasselkamp, Hermann Rothard, Karl-Ontjes Groeneveld, Jürgen Kemmler, Peter Varga, Hannspeter Winter},
	title={Particle Induced Electron Emission II},
	booktitle={Springer Tracts in Modern Physics},
	publisher={Springer Berlin, Heidelberg},
	doi={https://doi.org/10.1007/BFb0038297}
}

@article{kishi73,
author = { L. M.   Kishinevsky },
title = {Estimation of electron potential emission yield dependence on metal and ion parameters},
journal = {Radiation Effects},
volume = {19},
number = {1},
pages = {23-27},
year  = {1973},
publisher = {Taylor & Francis},
doi = {10.1080/00337577308232211},
URL = { 
        https://doi.org/10.1080/00337577308232211
},
eprint = { 
    https://doi.org/10.1080/00337577308232211
}
}

@article{Hagstrum,
  title = {Theory of Auger Ejection of Electrons from Metals by Ions},
  author = {Hagstrum, Homer D.},
  journal = {Phys. Rev.},
  volume = {96},
  issue = {2},
  pages = {336--365},
  numpages = {0},
  year = {1954},
  month = {Oct},
  publisher = {American Physical Society},
  doi = {10.1103/PhysRev.96.336},
  url = {https://link.aps.org/doi/10.1103/PhysRev.96.336}
}

@article{Janni_vol1,
title = {Energy loss, range, path length, time-of-flight, straggling, multiple scattering, and nuclear interaction probability: In two parts. Part 1. For 63 compounds Part 2.},
journal = {Atomic Data and Nuclear Data Tables},
volume = {27},
number = {2},
pages = {147-339},
year = {1982},
issn = {0092-640X},
doi = {https://doi.org/10.1016/0092-640X(82)90004-3},
url = {https://www.sciencedirect.com/science/article/pii/0092640X82900043},
author = {Joseph F. Janni},
}

@article{Janni_vol2,
title = {Energy loss, range, path length, time-of-flight, straggling, multiple scattering, and nuclear interaction probability: In Two Parts. Part 1. For 63 Compounds Part 2.},
journal = {Atomic Data and Nuclear Data Tables},
volume = {27},
number = {4},
pages = {341-529},
year = {1982},
issn = {0092-640X},
doi = {https://doi.org/10.1016/0092-640X(82)90005-5},
url = {https://www.sciencedirect.com/science/article/pii/0092640X82900055},
author = {Joseph F. Janni},
}

@article{baragiola,
title = {Principles and mechanisms of ion induced electron emission},
journal = {Nuclear Instruments and Methods in Physics Research Section B: Beam Interactions with Materials and Atoms},
volume = {78},
number = {1},
pages = {223-238},
year = {1993},
issn = {0168-583X},
doi = {https://doi.org/10.1016/0168-583X(93)95803-D},
url = {https://www.sciencedirect.com/science/article/pii/0168583X9395803D},
author = {Raúl A. Baragiola}
}
